@article{yarkoni2016bambi,
  title={Bambi: A simple interface for fitting {Bayesian} mixed effects models},
  author={Yarkoni, Tal and Westfall, Jake},
  year={2016},
  journal={OSF preprint},
  doi={10.31219/osf.io/rv7sn}
}
@article{saysani2021seeing,
  title={Seeing colour through language: Colour knowledge in the blind and sighted},
  author={Saysani, Armin and Corballis, Michael C and Corballis, Paul M},
  journal={Visual Cognition},
  pages={1--9},
  year={2021},
  publisher={Taylor \& Francis},
  doi={10.1080/13506285.2020.1866726}
}
@article{stanovich1989exposure,
  title={Exposure to print and orthographic processing},
  author={Stanovich, Keith E and West, Richard F},
  journal={Reading Research Quarterly},
  pages={402--433},
  year={1989},
  publisher={JSTOR}
}
@article{simpson1949measurement,
  title={Measurement of diversity},
  author={Simpson, Edward H},
  journal={Nature},
  volume={163},
  number={4148},
  pages={688--688},
  year={1949},
  publisher={Nature Publishing Group},
  doi={10.1038/163688a0}
}
@article{grand2018semantic,
  title={Semantic projection: Recovering human knowledge of multiple, distinct object features from word embeddings},
  author={Grand, Gabriel and Blank, Idan Asher and Pereira, Francisco and Fedorenko, Evelina},
  journal={arXiv preprint, arXiv:1802.01241},
  year={2018}
}
@article{van2020subs2vec,
  title={subs2vec: Word embeddings from subtitles in 55 languages},
  author={Van Paridon, Jeroen and Thompson, Bill},
  journal={Behavior Research Methods},
  pages={1--27},
  year={2020},
  publisher={Springer},
  doi={10.3758/s13428-020-01406-3}
}
@article{grave2018learning,
      title={Learning Word Vectors for 157 Languages}, 
      author={Edouard Grave and Piotr Bojanowski and Prakhar Gupta and Armand Joulin and Tomas Mikolov},
      year={2018},
      journal={arXiv preprint},
      doi={arXiv:1802.06893},
}
@article{bojanowski2017enriching,
      title={Enriching Word Vectors with Subword Information}, 
      author={Piotr Bojanowski and Edouard Grave and Armand Joulin and Tomas Mikolov},
      year={2017},
      journal={arXiv preprint},
      doi={arXiv:1607.04606}
}
@article{shepard1992representation,
  title={Representation of colors in the blind, color-blind, and normally sighted},
  author={Shepard, Roger N and Cooper, Lynn A},
  journal={Psychological Science},
  volume={3},
  number={2},
  pages={97--104},
  year={1992},
  publisher={SAGE Publications Sage CA: Los Angeles, CA},
  doi={10.1111/j.1467-9280.1992.tb00006.x}
}
@article{saysani2018colour,
  title={Colour envisioned: Concepts of colour in the blind and sighted},
  author={Saysani, Armin and Corballis, Michael C and Corballis, Paul M},
  journal={Visual Cognition},
  volume={26},
  number={5},
  pages={382--392},
  year={2018},
  publisher={Taylor \& Francis},
  doi={10.1080/13506285.2018.1465148}
}
@article{marmor1978age,
  title={Age at onset of blindness and the development of the semantics of color names},
  author={Marmor, Gloria Strauss},
  journal={Journal of Experimental Child Psychology},
  volume={25},
  number={2},
  pages={267--278},
  year={1978},
  publisher={Elsevier},
  doi={10.1016/0022-0965(78)90082-6}
}
@article{de2019small,
  title={{The “Small World of Words” English word association norms for over 12,000 cue words}},
  author={De Deyne, Simon and Navarro, Danielle J and Perfors, Amy and Brysbaert, Marc and Storms, Gert},
  journal={Behavior Research Methods},
  volume={51},
  number={3},
  pages={987--1006},
  year={2019},
  publisher={Springer},
  doi={10.3758/s13428-018-1115-7}
}
@book{locke1690essay,
  title={An essay concerning human understanding},
  author={Locke, John},
  year={1690},
  address={London},
  publisher={Thomas Bassett},
}
@book{hume1740treatise,
  title={A treatise of human nature},
  author={Hume, David},
  year={1740},
  address={London},
  publisher={John Noon},
}
@article{acheson2008new,
  title={New and updated tests of print exposure and reading abilities in college students},
  author={Acheson, Daniel J and Wells, Justine B and MacDonald, Maryellen C},
  journal={Behavior Research Methods},
  volume={40},
  number={1},
  pages={278--289},
  year={2008},
  publisher={Springer},
  doi={10.3758/BRM.40.1.278}
}